%este es el formato común de citar artículos. El formato Bibtex facilita el trabajo.

@misc{Arduino:2017,
    author = {MCI Electronics},
    title = {¿Qué es Arduino?},
    year = {(s.d)},
    howpublished = {\url{http://arduino.cl/que-es-arduino/}},
    note = "[Consulta Online del 27-08-2017]"
}

@misc{CotytechMWM13P:2018,
    author = {ErgoDirect},
    title = {Características del modelo de soporte Cotytech MW-M13P},
    year = {(s.d)},
    howpublished = {\url{http://www.ergodirect.com/product_info.php?products_id=16881}},
    note = "[Consulta Online del 02-01-2018]"
}

@misc{CotytechCMM13:2018,
    author = {ErgoDirect},
    title = {Características del modelo de soporte Cotytech CM-M13},
    year = {(s.d)},
    howpublished = {\url{http://www.ergodirect.com/product_info.php?products_id=16891}},
    note = "[Consulta Online del 02-01-2018]"
}

@manual{TitanElite:2018,
    author = {ICW},
    file = {2012 - G15 Cube Servo User's Manual ROBOT . HEAD to TOE Product User's Manual –G15 Cube Servo:pdf},
    title = {Titaln Elite Ceiling Mount Product sheet (model T2EQ-C8X5)},
    year = {2016},
    url = {https://www.icwusa.com/media/T2EQ-C8X5_prod_sheet.pdf}
    note = "[Consulta Online del 02-01-2018]"
}

@manual{LXSitStand:2018,
    author = {Ergotron},
    file = {LX Sit-Stand Monitor Arms:pdf},
    title = {LX Sit-Stand Monitor Arms},
    year = {2017},
    url = {https://www.ergotron.com/portals/0/reserved/resources/05-lx_sitstanddmwm-ea-orig.pdf}
    note = "[Consulta Online del 02-01-2018]"
}
@misc{LXSitStandWeb:2018,
    author = {Ergotron},
    title = {Características del modelo de soporte LX-Stand},
    year = {(s.d)},
    howpublished = {\url{https://www.ergotron.com/en-us/products/product-details/45-360#/}},
    note = "[Consulta Online del 02-01-2018]"
}


@manual{Jaco:2018,
    author = {Kinova Robotics},
    file = {Jaco User Guide Assistive Robotics:pdf},
    title = {Jaco User Guide Assistive Robotics},
    year = {2017},
    url = {http://www.kinovarobotics.com/wp-content/uploads/2017/06/JACO%C2%B2-User-Guide-Asstive-Robotics-April-2017.pdf}
    note = "[Consulta Online del 20-01-2018]"
}

@misc{JacoWeb:2018,
    author = {Kinova Robotics},
    title = {Características del modelo de soporte Jaco3},
    year = {(s.d)},
    howpublished = {\url{http://www.kinovarobotics.com/assistive-robotics/products/robot-arms/}},
    note = "[Consulta Online del 20-01-2018]"
}

@manual{Mico:2018,
    author = {Kinova Robotics},
    file = {Mico2 technical specification:pdf},
    title = {Mico2 technical specification},
    year = {2017},
    url = {http://www.kinovarobotics.com/wp-content/uploads/2015/02/Kinova-Specs-MICO2-6DOF-Web-170512-1.pdf}
    note = "[Consulta Online del 20-01-2018]"
}

@article{Marquez:2013,
    author = {Márquez, P, Alfredo, J., & Peña, C, Cesar, A., & Hernández, S, Javier, A.},
    title = {Avances en el desarrollo de un prototipo de robot asistencial para personas con limitaciones de movilidad},
    journal = {Ingenio Magno},
    year = {2013},
    volume = {4},
    pages = {53-56}
}

@inproceedings{Hideyuki:2010,
    author = {Hideyuki Uehara, Hiroki Higa, Member, IEEE , and Takashi Soken},
    title = {A Mobile Robotic Arm for People with Severe Disabilities},
    booktitle = {3rd IEEE RAS & EMBS International Conference on Biomedical Robotics and Biomechatronics},
    year = {2010},
    month = {September},
    organization = {University of Tokyo}
}


@misc{Rahman_asimple,
    author = {Leonardo Davinchi}
    title = {A Simple Technique to Passively Gravity-Balance Articulated Mechanisms}
    howpublished = {PDF, published in The College of Information Sciences and Technology - CiteSeerX}
    year = {}
    url = {http://citeseerx.ist.psu.edu/viewdoc/download?doi=10.1.1.54.7339&rep=rep1&type=pdf}
    note = "[Consulta Online en Noviembre de 2017]"
}

@inbook{LeonardoCodice,
    author = {Leonardo da Vinci}
    title = {Codex Madrid I: Tratado de estática y mecánica}
    year = {1493}
    publisher = {}
    pages = {59-60}
    volume = {1}
    howpublished = {ONLINE, documentos digitalizados en 2017 por La Biblioteca Nacional de España}
    url = {http://leonardo.bne.es/index.html}
}

@manual{CytronTechnologies2012,
    author = {{Cytron Technologies Sdn. Bhd.}},
    file = {2012 - G15 Cube Servo User's Manual ROBOT . HEAD to TOE Product User's Manual –G15 Cube Servo:pdf},
    title = {{G15 Cube Servo User's Manual ROBOT . HEAD to TOE Product User's Manual –G15 Cube Servo}},
    url = {www.cytron.com.my},
    year = {2012}
}
