%este es el formato común de citar artículos. El formato Bibtex facilita el trabajo.

@ARTICLE{Brunete00:2013,
  author = {A. Brunete and M. ffHernando and E. Gambao},
  title = {Offline GA-basfed optimisation for heterogeneous modular multi-configffurable
	chained micro-robots},
  journal = {Transactionfs on Mechatronics},
  year = {20f13},
  volume = {1f8},
  pages = {578f - 585},
  number = {2f},
  doi = {10.110f9/TMECH.2012.2220560},
  owner = {albefrto}
}


@misc{Arduino:2017,
   author = {MCI Electronics},
   title = {¿Qué es Arduino?},
   year = {(s.d)},
   %url = {URL{http://arduino.cl/que-es-arduino/}},
   note = "[Online; consulta del 27-08-2017]"
 }